% Encoding: UTF-8

@misc{BilateralFilter,
  author = {TODO},
  date   = {2020-04-30},
  title  = {Bilateral Filtering for Gray and Color Images},
  url    = {http://homepages.inf.ed.ac.uk/rbf/CVonline/LOCAL_COPIES/MANDUCHI1/Bilateral_Filtering.html},
}

@article{genest1986combining,
  title={Combining probability distributions: A critique and an annotated bibliography},
  author={Genest, Christian and Zidek, James V and others},
  journal={Statistical Science},
  volume={1},
  number={1},
  pages={114--135},
  year={1986},
  publisher={Institute of Mathematical Statistics}
}

@article{eddy1996hidden,
  title={Hidden markov models},
  author={Eddy, Sean R},
  journal={Current opinion in structural biology},
  volume={6},
  number={3},
  pages={361--365},
  year={1996},
  publisher={Elsevier Current Trends}
}

@Misc{natin2020,
  author = {Geof Natin},
  date   = {2020-05-02},
  title  = {Locating \& Recognising Paintings in Galleries},
  url    = {https://github.com/nating/recognizing-paintings},
}

@article{behnel2011cython,
  title={Cython: The best of both worlds},
  author={Behnel, Stefan and Bradshaw, Robert and Citro, Craig and Dalcin, Lisandro and Seljebotn, Dag Sverre and Smith, Kurt},
  journal={Computing in Science \& Engineering},
  volume={13},
  number={2},
  pages={31--39},
  year={2011},
  publisher={IEEE Computer Society}
}

@article{patel2013comparative,
  title={A comparative study of histogram equalization based image enhancement techniques for brightness preservation and contrast enhancement},
  author={Patel, Omprakash and Maravi, Yogendra PS and Sharma, Sanjeev},
  journal={arXiv preprint arXiv:1311.4033},
  year={2013}
}

@misc{jurafsky2014speech,
  title={Speech and language processing. Vol. 3},
  author={Jurafsky, Dan and Martin, James H},
  year={2014},
  publisher={Pearson London London}
}

@Comment{jabref-meta: databaseType:biblatex;}
